<record><leader>00000cas a22000007a 4500</leader><controlfield tag="001">1756032</controlfield><controlfield tag="008">751101d18891950mnuwr ne      0   a0eng d</controlfield><datafield ind1=" " ind2=" " tag="010"><subfield code="a">sn 89064515 </subfield></datafield><datafield ind1=" " ind2=" " tag="040"><subfield code="a">MUL</subfield><subfield code="b">eng</subfield><subfield code="c">MUL</subfield><subfield code="d">MN#</subfield><subfield code="d">OCLCQ</subfield><subfield code="d">DLC</subfield><subfield code="d">OCLCF</subfield></datafield><datafield ind1="0" ind2=" " tag="022"><subfield code="a">2332-7367</subfield><subfield code="2">1</subfield></datafield><datafield ind1="1" ind2=" " tag="029"><subfield code="a">AU@</subfield><subfield code="b">000025858332</subfield></datafield><datafield ind1=" " ind2=" " tag="042"><subfield code="a">msc</subfield><subfield code="a">nsdp</subfield></datafield><datafield ind1=" " ind2=" " tag="043"><subfield code="a">n-us-mn</subfield></datafield><datafield ind1="0" ind2="0" tag="050"><subfield code="a">Newspaper</subfield></datafield><datafield ind1=" " ind2=" " tag="052"><subfield code="a">4144</subfield><subfield code="b">L7</subfield></datafield><datafield ind1=" " ind2=" " tag="052"><subfield code="a">4143</subfield><subfield code="b">M6</subfield></datafield><datafield ind1="0" ind2="0" tag="082"><subfield code="a">071</subfield><subfield code="2">23</subfield></datafield><datafield ind1="0" ind2=" " tag="130"><subfield code="a">Little Falls herald (Little Falls, Minn.)</subfield></datafield><datafield ind1=" " ind2="0" tag="222"><subfield code="a">Little Falls herald</subfield><subfield code="b">(Little Falls, Minn. Print)</subfield></datafield><datafield ind1="1" ind2="0" tag="245"><subfield code="a">Little Falls herald.</subfield></datafield><datafield ind1=" " ind2=" " tag="260"><subfield code="a">Little Falls, Morrison County, Minn. :</subfield><subfield code="b">Haines, Stone &amp; Co.</subfield></datafield><datafield ind1=" " ind2=" " tag="300"><subfield code="a">v.</subfield></datafield><datafield ind1=" " ind2=" " tag="310"><subfield code="a">Weekly</subfield></datafield><datafield ind1="1" ind2=" " tag="362"><subfield code="a">Began in Mar. 1889; ceased in Aug. 1950.</subfield></datafield><datafield ind1=" " ind2=" " tag="530"><subfield code="a">Available on microfilm from the Minnesota Historical Society.</subfield></datafield><datafield ind1=" " ind2=" " tag="530"><subfield code="a">Archived issues are available in digital format as part of the Library of Congress Chronicling America online collection.</subfield></datafield><datafield ind1=" " ind2=" " tag="588"><subfield code="a">Description based on: Vol. 5, no. 5 (Apr. 21, 1893).</subfield></datafield><datafield ind1=" " ind2="0" tag="651"><subfield code="a">Little Falls (Minn.)</subfield><subfield code="v">Newspapers.</subfield></datafield><datafield ind1=" " ind2="0" tag="651"><subfield code="a">Morrison County (Minn.)</subfield><subfield code="v">Newspapers.</subfield></datafield><datafield ind1=" " ind2="7" tag="655"><subfield code="a">Newspapers.</subfield><subfield code="2">fast</subfield><subfield code="0">(OCoLC)fst01423814</subfield></datafield><datafield ind1=" " ind2="7" tag="651"><subfield code="a">Minnesota</subfield><subfield code="z">Little Falls.</subfield><subfield code="2">fast</subfield><subfield code="0">(OCoLC)fst01220176</subfield></datafield><datafield ind1=" " ind2="7" tag="651"><subfield code="a">Minnesota</subfield><subfield code="z">Morrison County.</subfield><subfield code="2">fast</subfield><subfield code="0">(OCoLC)fst01214825</subfield></datafield><datafield ind1=" " ind2=" " tag="752"><subfield code="a">United States</subfield><subfield code="b">Minnesota</subfield><subfield code="c">Morrison</subfield><subfield code="d">Little Falls.</subfield></datafield><datafield ind1="0" ind2="8" tag="776"><subfield code="i">Online version: Little Falls herald (Little Falls, Minn. : Online)</subfield><subfield code="x">2332-7375</subfield><subfield code="w">(DLC)  2013272181</subfield><subfield code="w">(OCoLC)862978900</subfield></datafield><datafield ind1="0" ind2="5" tag="780"><subfield code="t">Morrison County Democrat</subfield><subfield code="w">(DLC)sn 89064524</subfield><subfield code="w">(OCoLC)1758729</subfield></datafield><datafield ind1="0" ind2="4" tag="785"><subfield code="t">Little Falls daily transcript</subfield><subfield code="w">(DLC)sn 83016584</subfield><subfield code="w">(OCoLC)9911047</subfield></datafield><datafield ind1="4" ind2="1" tag="856"><subfield code="u">http://www.loc.gov/chroniclingamerica/lccn/sn89064515/issues</subfield></datafield></record>